@inproceedings{DBLP:conf/osdi/SinghEVS04,
  author    = {Sumeet Singh and
               Cristian Estan and
               George Varghese and
               Stefan Savage},
  title     = {Automated Worm Fingerprinting},
  booktitle = {OSDI},
  year      = {2004},
  pages     = {45-60},
  ee        = {http://www.usenix.org/events/osdi04/tech/singh.html},
  bibsource = {DBLP, http://dblp.uni-trier.de}
}
@misc{amoeba-sourceforge,
	howpublished = "\url{http://fsd-amoeba.sourceforge.net/amoeba.html}"
}
