@book{distributed-systems-book,
	author		= "George Coulouris, Jean Dollimore and Tim Kindberg",
	title		= "Distributed Systems",
	publisher 	= "Addison Wesley",
	edition		= "2nd",
	year		= "1994",
}
@misc{amoeba-sourceforge,
howpublished = "\url{http://fsd-amoeba.sourceforge.net/amoeba.html}"
}
